<record><leader>00000cas a2200000 a 4500</leader><controlfield tag="001">15472155</controlfield><controlfield tag="008">870401d195619uukyuuu ne      0    0eng d</controlfield><datafield ind1=" " ind2=" " tag="010"><subfield code="a">sn 87060191 </subfield></datafield><datafield ind1=" " ind2=" " tag="040"><subfield code="a">KNP</subfield><subfield code="b">eng</subfield><subfield code="c">KNP</subfield><subfield code="d">OCL</subfield><subfield code="d">OCLCQ</subfield><subfield code="d">KYUBL</subfield><subfield code="d">OCLCQ</subfield><subfield code="d">OCLCF</subfield><subfield code="d">OCLCO</subfield></datafield><datafield ind1="1" ind2=" " tag="029"><subfield code="a">AU@</subfield><subfield code="b">000025834850</subfield></datafield><datafield ind1=" " ind2=" " tag="042"><subfield code="a">msc</subfield></datafield><datafield ind1=" " ind2=" " tag="043"><subfield code="a">n-us-ky</subfield></datafield><datafield ind1="0" ind2="0" tag="245"><subfield code="a">Leitchfield town talk and Edmonson enterprise.</subfield></datafield><datafield ind1=" " ind2=" " tag="260"><subfield code="a">Leitchfield, Ky. :</subfield><subfield code="b">[s.n.],</subfield><subfield code="c">1956-</subfield></datafield><datafield ind1=" " ind2=" " tag="300"><subfield code="a">v. :</subfield><subfield code="b">ill.</subfield></datafield><datafield ind1="0" ind2=" " tag="362"><subfield code="a">Vol. 2, no. 10 (June 6, 1956)-</subfield></datafield><datafield ind1=" " ind2=" " tag="515"><subfield code="a">Continues the volume numbering of the Leitchfield town talk.</subfield></datafield><datafield ind1=" " ind2="0" tag="651"><subfield code="a">Leitchfield (Ky.)</subfield><subfield code="v">Newspapers.</subfield></datafield><datafield ind1=" " ind2="0" tag="651"><subfield code="a">Grayson County (Ky.)</subfield><subfield code="v">Newspapers.</subfield></datafield><datafield ind1=" " ind2="7" tag="655"><subfield code="a">Newspapers.</subfield><subfield code="2">fast</subfield><subfield code="0">(OCoLC)fst01423814</subfield></datafield><datafield ind1=" " ind2="7" tag="651"><subfield code="a">Kentucky</subfield><subfield code="z">Grayson County.</subfield><subfield code="2">fast</subfield><subfield code="0">(OCoLC)fst01209314</subfield></datafield><datafield ind1=" " ind2="7" tag="651"><subfield code="a">Kentucky</subfield><subfield code="z">Leitchfield.</subfield><subfield code="2">fast</subfield><subfield code="0">(OCoLC)fst01227034</subfield></datafield><datafield ind1=" " ind2=" " tag="752"><subfield code="a">United States</subfield><subfield code="b">Kentucky</subfield><subfield code="c">Grayson</subfield><subfield code="d">Leitchfield.</subfield></datafield><datafield ind1="0" ind2="4" tag="780"><subfield code="t">Leitchfield town talk</subfield><subfield code="w">(DLC)sn 86069666</subfield></datafield><datafield ind1="0" ind2="4" tag="780"><subfield code="t">Edmonson enterprise</subfield><subfield code="w">(DLC)sn 85052007</subfield></datafield></record>